<record><leader>00000cas a22000007a 4500</leader><controlfield tag="001">35305996</controlfield><controlfield tag="008">960827d19231927vaudr ne      0    0eng d</controlfield><datafield ind1=" " ind2=" " tag="010"><subfield code="a">sn 96096621 </subfield></datafield><datafield ind1=" " ind2=" " tag="040"><subfield code="a">NVK</subfield><subfield code="b">eng</subfield><subfield code="c">NVK</subfield><subfield code="d">OCLCQ</subfield><subfield code="d">OCLCF</subfield><subfield code="d">OCLCO</subfield></datafield><datafield ind1="1" ind2=" " tag="029"><subfield code="a">AU@</subfield><subfield code="b">000012845493</subfield></datafield><datafield ind1=" " ind2=" " tag="042"><subfield code="a">msc</subfield></datafield><datafield ind1=" " ind2=" " tag="043"><subfield code="a">n-us-va</subfield></datafield><datafield ind1="0" ind2="4" tag="245"><subfield code="a">The Suffolk news.</subfield></datafield><datafield ind1=" " ind2=" " tag="260"><subfield code="a">Suffolk, Va. :</subfield><subfield code="b">Suffolk News Co.</subfield></datafield><datafield ind1=" " ind2=" " tag="300"><subfield code="a">v.</subfield></datafield><datafield ind1=" " ind2=" " tag="310"><subfield code="a">Daily (except Sun.)</subfield></datafield><datafield ind1="1" ind2=" " tag="362"><subfield code="a">Began in 1923; ceased in 1927.</subfield></datafield><datafield ind1=" " ind2=" " tag="588"><subfield code="a">Description based on: [vol. 1, no. 2] (Mar.. 23, 1923).</subfield></datafield><datafield ind1=" " ind2="0" tag="651"><subfield code="a">Suffolk (Va.)</subfield><subfield code="v">Newspapers.</subfield></datafield><datafield ind1=" " ind2="7" tag="655"><subfield code="a">Newspapers.</subfield><subfield code="2">fast</subfield><subfield code="0">(OCoLC)fst01423814</subfield></datafield><datafield ind1=" " ind2="7" tag="651"><subfield code="a">Virginia</subfield><subfield code="z">Suffolk.</subfield><subfield code="2">fast</subfield><subfield code="0">(OCoLC)fst01207739</subfield></datafield><datafield ind1=" " ind2=" " tag="752"><subfield code="a">United States</subfield><subfield code="b">Virginia</subfield><subfield code="d">Suffolk.</subfield></datafield><datafield ind1="0" ind2="7" tag="785"><subfield code="t">Suffolk herald (Suffolk, Va. : 1922 : Weekly)</subfield><subfield code="w">(DLC)sn 95079266</subfield></datafield><datafield ind1="0" ind2="7" tag="785"><subfield code="t">Suffolk news-herald</subfield><subfield code="w">(DLC)sn 85009663</subfield></datafield></record>